% This file was created with JabRef 2.7b.
% Encoding: UTF-8

@OTHER{FreePastry,
  author = {FreePastry. http://www.freepastry.org.},
  owner = {alexander},
  timestamp = {2014.05.11}
}

@OTHER{GNUnet,
  author = {GNUnet. https://gnunet.org/.},
  owner = {alexander},
  timestamp = {2014.05.11}
}

@OTHER{Planetlab,
  author = {Planetlab. http://www.planet-lab.org.},
  url = {http://www.planet-lab.org}
}

@CONFERENCE{castro1,
  author = {M. Castro and P. Druschel and A-M. Kermarrec and A. Nandi and A.
	Rowstron and A. Singh},
  title = {SplitStream: High-bandwidth multicast in a cooperative environment},
  booktitle = {SOSP'03},
  year = {2003},
  address = {Lake Bolton, New York},
  owner = {alexander},
  timestamp = {2014.05.11}
}

@CONFERENCE{castro2,
  author = {M. Castro and P. Druschel and A-M. Kermarrec and A. Nandi and A.
	Rowstron and A. Singh},
  title = {SplitStream: High-bandwidth content distribution in a cooperative
	environment},
  booktitle = {IPTPS'03},
  year = {2003},
  owner = {alexander},
  timestamp = {2014.05.11}
}

@CONFERENCE{castro3,
  author = {M. Castro and P. Druschel and A-M. Kermarrec  and A. Rowstron},
  title = {Scalable Application-level Anycast for Highly Dynamic Groups},
  booktitle = {NGC},
  year = {2003},
  address = {Munich, Germany},
  owner = {alexander},
  timestamp = {2014.05.11}
}

@CONFERENCE{Rowstron,
  author = {A. Rowstron and P. Druschel},
  title = {Pastry: Scalable, distributed object location and routing for large-scale
	peer-to-peer systems},
  booktitle = {IFIP/ACM International Conference on Distributed Systems Platforms
	(Middleware)},
  year = {2001},
  pages = {329-350},
  address = {Heidelberg, Germany},
  owner = {alexander},
  timestamp = {2014.05.11}
}

@comment{jabref-meta: selector_publisher:}

@comment{jabref-meta: selector_author:}

@comment{jabref-meta: selector_journal:}

@comment{jabref-meta: selector_keywords:}

